@Book{birkhoff,
    author={Birkhoff, Garrett},
    title={{Lattice Theory}},
    year={1960},
    edition={second},
    publisher={Amarican Mathematical Society},
}

@article{Stone48,
	author = {Stone, M. H.}, 
	title = {Notes on Integration: I},
	volume = {34}, 
	number = {7}, 
	pages = {336-342}, 
	year = {1948}, 
	URL = {http://www.pnas.org/content/34/7/336.short}, 
	eprint = {http://www.pnas.org/content/34/7/336.full.pdf+html}, 
	journal = {Proceedings of the National Academy of Sciences} 
}
